<collection xmlns="http://www.loc.gov/MARC21/slim">
<record>
  <leader>00934nam0a22002051i 450 </leader>
  <controlfield tag="001">IT\ICCU\CNCE\062935</controlfield>
  <controlfield tag="005">20051214000000.0</controlfield>
  <datafield tag="012" ind1=" " ind2=" ">
    <subfield code="a">e.ie tigo e.o. meSt (C) 1551 (R)</subfield>
    <subfield code="2">fei</subfield>
  </datafield>
  <datafield tag="100" ind1=" " ind2=" ">
    <subfield code="a">20051214d1551        0itac0103    ba</subfield>
  </datafield>
  <datafield tag="101" ind1=" " ind2=" ">
    <subfield code="a">ITA</subfield>
  </datafield>
  <datafield tag="102" ind1=" " ind2=" ">
    <subfield code="a">IT</subfield>
  </datafield>
  <datafield tag="200" ind1="1" ind2=" ">
    <subfield code="a">Dialogo di duoi villani padoani li quali scontrati &amp; salutati insieme consultano vn mariazzo, &amp; concluso li menzona tutte le massarie li uol dar per dotta; con alquanti sonetti &amp; vna canzona alla villotta, cose da pigliar piacere &amp; gran solazzo di Antonio B.L</subfield>
  </datafield>
  <datafield tag="210" ind1=" " ind2=" ">
    <subfield code="a">In Venetia</subfield>
    <subfield code="c">appresso di Candido Bindoni</subfield>
    <subfield code="d">1551</subfield>
  </datafield>
  <datafield tag="215" ind1=" " ind2=" ">
    <subfield code="a">\12! c.</subfield>
    <subfield code="d">8ʻ</subfield>
  </datafield>
  <datafield tag="620" ind1=" " ind2=" ">
    <subfield code="a">IT</subfield>
    <subfield code="d">Venezia</subfield>
  </datafield>
  <datafield tag="712" ind1="0" ind2="0">
    <subfield code="a">Bindoni, Candido</subfield>
    <subfield code="3">IT\ICCU\CNCT\000931</subfield>
    <subfield code="4">650</subfield>
  </datafield>
  <datafield tag="791" ind1="0" ind2="0">
    <subfield code="a">Bindonis, Candidus de</subfield>
    <subfield code="3">IT\ICCU\CNCT\004382</subfield>
    <subfield code="z">Bindoni, Candido</subfield>
  </datafield>
  <datafield tag="791" ind1="0" ind2="0">
    <subfield code="a">Bendoni, Candido</subfield>
    <subfield code="3">IT\ICCU\CNCT\004383</subfield>
    <subfield code="z">Bindoni, Candido</subfield>
  </datafield>
  <datafield tag="801" ind1=" " ind2="3">
    <subfield code="a">IT</subfield>
    <subfield code="b">ICCU</subfield>
    <subfield code="c">20201115</subfield>
  </datafield>
  <datafield tag="899" ind1=" " ind2=" ">
    <subfield code="a">Biblioteca Arcivescovile. Udine</subfield>
    <subfield code="1">UD0100</subfield>
    <subfield code="2">ZUD 11</subfield>
  </datafield>
</record>
</collection>
